<record><leader>00000cas a2200000 a 4500</leader><controlfield tag="001">12098618</controlfield><controlfield tag="008">850531d19061923ksudr ne      0    0eng d</controlfield><datafield ind1=" " ind2=" " tag="010"><subfield code="a">sn 85029320 </subfield></datafield><datafield ind1=" " ind2=" " tag="040"><subfield code="a">KSH</subfield><subfield code="b">eng</subfield><subfield code="c">KSH</subfield><subfield code="d">NPT</subfield><subfield code="d">OCL</subfield><subfield code="d">OCLCQ</subfield></datafield><datafield ind1=" " ind2=" " tag="042"><subfield code="a">msc</subfield></datafield><datafield ind1="0" ind2=" " tag="130"><subfield code="a">Leavenworth post (Leavenworth, Kan. : 1906)</subfield></datafield><datafield ind1="1" ind2="4" tag="245"><subfield code="a">The Leavenworth post.</subfield></datafield><datafield ind1=" " ind2=" " tag="260"><subfield code="a">Leavenworth, Kan. :</subfield><subfield code="b">Post Pub. Co.,</subfield><subfield code="c">1906-1923.</subfield></datafield><datafield ind1=" " ind2=" " tag="300"><subfield code="a">18 v. :</subfield><subfield code="b">ill. ;</subfield><subfield code="c">60 cm.</subfield></datafield><datafield ind1=" " ind2=" " tag="310"><subfield code="a">Daily (except Sunday)</subfield></datafield><datafield ind1="0" ind2=" " tag="362"><subfield code="a">Vol. 1, no. 313 (Aug. 18, 1906)-v. 18, no. 246 (June 8, 1923).</subfield></datafield><datafield ind1=" " ind2=" " tag="500"><subfield code="a">Published by Clyde H. Knox, Jan. 2-June 8, 1923.</subfield></datafield><datafield ind1=" " ind2=" " tag="580"><subfield code="a">Also issued a weekly edition called: Western life (Leavenworth, Kan.) Aug. 18, 1906-July 11, 1907.</subfield></datafield><datafield ind1=" " ind2=" " tag="752"><subfield code="a">United States</subfield><subfield code="b">Kansas</subfield><subfield code="c">Leavenworth</subfield><subfield code="d">Leavenworth.</subfield></datafield><datafield ind1="1" ind2=" " tag="775"><subfield code="t">Western life (Leavenworth, Kan.)</subfield><subfield code="w">(DLC)sn 85029240</subfield></datafield><datafield ind1="0" ind2="0" tag="780"><subfield code="t">Leavenworth post and western life</subfield><subfield code="w">(DLC)sn 85029315</subfield></datafield><datafield ind1="0" ind2="4" tag="785"><subfield code="t">Leavenworth times (Leavenworth, Kan. : 1878)</subfield><subfield code="w">(DLC)sn 85029336</subfield></datafield></record>